
@misc{petti_research_2017,
	title = {Research {Notebook}: {New} {Format} for {Statcast} {Data} {Export} at {Baseball} {Savant}},
	shorttitle = {Research {Notebook}},
	url = {https://tht.fangraphs.com/research-notebook-new-format-for-statcast-data-export-at-baseball-savant/},
	abstract = {The Statcast product is constantly evolving. Let's see what's different this season.},
	urldate = {2023-04-18},
	journal = {The Hardball Times},
	author = {Petti, Bill},
	month = apr,
	year = {2017},
	file = {Snapshot:/home/mattb/Zotero/storage/P4ML2GSQ/research-notebook-new-format-for-statcast-data-export-at-baseball-savant.html:text/html},
}

@misc{gerli_going_nodate,
	title = {Going {Deep}: {Batted} {Ball} {Direction} and {Baseball} {Savant}'s {xStats} {\textbar} {Pitcher} {List}},
	url = {https://www.pitcherlist.com/going-deep-batted-ball-direction-and-baseball-savants-xstats/},
	urldate = {2023-04-18},
	journal = {Pitcher List},
	author = {Gerli, Nick},
}

@misc{mlb_launch_nodate,
	title = {Launch {Angle} ({LA}) {\textbar} {Glossary}},
	url = {https://www.mlb.com/glossary/statcast/launch-angle},
	abstract = {The Official Site of Major League Baseball},
	urldate = {2023-04-18},
	journal = {MLB.com},
	author = {{MLB}},
	file = {Snapshot:/home/mattb/Zotero/storage/M6GPFQHJ/launch-angle.html:text/html},
}

@misc{mlb_expected_nodate,
	title = {Expected {Batting} {Average} ({xBA}) {\textbar} {Glossary}},
	url = {https://www.mlb.com/glossary/statcast/expected-batting-average},
	abstract = {The Official Site of Major League Baseball},
	urldate = {2023-04-18},
	journal = {MLB.com},
	author = {{MLB}},
	file = {Snapshot:/home/mattb/Zotero/storage/GEW3XY44/expected-batting-average.html:text/html},
}

@misc{mlb_hit_nodate,
	title = {Hit {Distance} ({DST}) {\textbar} {Glossary}},
	url = {https://www.mlb.com/glossary/statcast/hit-distance},
	abstract = {The Official Site of Major League Baseball},
	urldate = {2023-04-18},
	journal = {MLB.com},
	author = {{MLB}},
	file = {Snapshot:/home/mattb/Zotero/storage/JJK56NGW/hit-distance.html:text/html},
}
